@article{Liu2018,
    title = {{A spatio-temporal modeling framework for weather radar image data in tropical Southeast Asia}},
    year = {2018},
    journal = {Annals of Applied Statistics},
    author = {Liu, Xiao and Gopal, Vikneswaran and Kalagnanam, Jayant},
    number = {1},
    month = {3},
    pages = {348--407},
    volume = {12},
    publisher = {Institute of Mathematical Statistics},
    url = {https://doi.org/10.1214/17-AOAS1064},
    doi = {10.1214/17-AOAS1064},
    issn = {19417330},
    keywords = {Precipitation forecast, Radar image analysis, Space-time conditional autoregressive model, Spatial-temporal modeling}
}

@misc{PaperswithCode2022AnCode,
    title = {{An Overview of Activation Functions | Papers With Code}},
    year = {2022},
    author = {{Papers with Code}},
    url = {https://paperswithcode.com/methods/category/activation-functions}
}

@misc{PaperswithCode2022AnCodeb,
    title = {{An Overview of Output Functions | Papers With Code}},
    year = {2022},
    author = {{Papers with Code}},
    url = {https://paperswithcode.com/methods/category/output-functions}
}

@book{Goodfellow2016,
    title = {{Deep Learning}},
    year = {2016},
    author = {Goodfellow, Ian and Bengio, Yoshua and Courville, Aaron},
    publisher = {MIT Press},
    url = {http://www.deeplearningbook.org}
}

@misc{NOAA2021,
    title = {{High-Resolution Rapid Refresh model}},
    year = {2021},
    author = {{NOAA}},
    url = {https://rapidrefresh.noaa.gov/hrrr/}
}

@techreport{Wilson1998,
    title = {{Nowcasting Thunderstorms: A Status Report}},
    year = {1998},
    booktitle = {journals.ametsoc.org},
    author = {Wilson, James W and Crook, N Andrew and Mueller, Cynthia K and Sun, Juanzhen and Dixon, Michael},
    url = {https://journals.ametsoc.org/view/journals/bams/79/10/1520-0477_1998_079_2079_ntasr_2_0_co_2.xml}
}

@inproceedings{DBLP:conf/icml/NairH10,
    title = {{Rectified linear units improve Restricted Boltzmann machines}},
    year = {2010},
    booktitle = {ICML 2010 - Proceedings, 27th International Conference on Machine Learning},
    author = {Nair, Vinod and Hinton, Geoffrey E.},
    pages = {807--814},
    url = {https://icml.cc/Conferences/2010/papers/432.pdf},
    isbn = {9781605589077}
}

@article{Dumoulin2016ALearning,
    title = {{A guide to convolution arithmetic for deep learning}},
    year = {2016},
    author = {Dumoulin, Vincent and Visin, Francesco and Box, George E P},
    month = {3},
    url = {https://arxiv.org/abs/1603.07285v2},
    arxivId = {1603.07285}
}

@article{McCulloch1943AActivity,
    title = {{A logical calculus of the ideas immanent in nervous activity}},
    year = {1943},
    journal = {The bulletin of mathematical biophysics 1943 5:4},
    author = {McCulloch, Warren S. and Pitts, Walter},
    number = {4},
    month = {12},
    pages = {115--133},
    volume = {5},
    publisher = {Springer},
    url = {https://link.springer.com/article/10.1007/BF02478259},
    doi = {10.1007/BF02478259},
    issn = {1522-9602},
    keywords = {Cell Biology, Life Sciences, Mathematical and Computational Biology, general}
}

@article{Kindap2010AIstanbul,
    title = {{A severe sea-effect snow episode over the city of Istanbul}},
    year = {2010},
    journal = {Natural Hazards},
    author = {Kindap, Tayfun},
    number = {3},
    pages = {707--723},
    volume = {54},
    doi = {10.1007/s11069-009-9496-7},
    issn = {0921030X},
    keywords = {MM5, Sea-effect snow, Synoptic-mesoscale conditions, The black sea}
}

@article{Qiu2017ANetworks,
    title = {{A short-term rainfall prediction model using multi-task convolutional neural networks}},
    year = {2017},
    journal = {Proceedings - IEEE International Conference on Data Mining, ICDM},
    author = {Qiu, Minghui and Zhao, Peilin and Zhang, Ke and Huang, Jun and Shi, Xing and Wang, Xiaoguang and Chu, Wei},
    month = {12},
    pages = {395--404},
    volume = {2017-November},
    publisher = {Institute of Electrical and Electronics Engineers Inc.},
    isbn = {9781538638347},
    doi = {10.1109/ICDM.2017.49},
    issn = {15504786},
    keywords = {Multi-Task Convolutional Neural Networks, Multi-site Features, Rainfall Prediction}
}

@misc{Shen2018AScientists,
    title = {{A Transdisciplinary Review of Deep Learning Research and Its Relevance for Water Resources Scientists}},
    year = {2018},
    booktitle = {Water Resources Research},
    author = {Shen, Chaopeng},
    number = {11},
    month = {11},
    pages = {8558--8593},
    volume = {54},
    publisher = {Blackwell Publishing Ltd},
    url = {https://doi.org/10.1029/},
    doi = {10.1029/2018WR022643},
    issn = {19447973},
    keywords = {AI neuroscience, artificial intelligence, data mining, deep learning, transformative}
}

@article{Barsi2018ACCURACYSENSING,
    title = {{ACCURACY DIMENSIONS IN REMOTE SENSING}},
    year = {2018},
    journal = {The International Archives of the Photogrammetry, Remote Sensing and Spatial Information Sciences},
    author = {{Barsi} and Kugler, Zs and L{\'{a}}szl{\'{o}}, I. and Szab{\'{o}}, Gy and Abdulmutalib, H. M.},
    number = {3},
    month = {4},
    pages = {61--67},
    volume = {XLII-3},
    publisher = {Copernicus GmbH},
    url = {https://doi.org/10.5194/isprs-archives-XLII-3-61-2018},
    doi = {10.5194/ISPRS-ARCHIVES-XLII-3-61-2018},
    issn = {1682-1750},
    keywords = {accuracy, data dimensions, data quality, metrics, procedures, uncertainty}
}

@article{Zeiler2012ADADELTA:Method,
    title = {{ADADELTA: An Adaptive Learning Rate Method}},
    year = {2012},
    author = {Zeiler, Matthew D.},
    month = {12},
    url = {https://arxiv.org/abs/1212.5701v1},
    doi = {10.48550/arxiv.1212.5701},
    arxivId = {1212.5701},
    keywords = {Gradient Descent, Index Terms-Adaptive Learning Rates, Machine Learn-ing, Neural Networks}
}

@article{Shazeer2018Adafactor:Cost,
    title = {{Adafactor: Adaptive Learning Rates with Sublinear Memory Cost}},
    year = {2018},
    journal = {35th International Conference on Machine Learning, ICML 2018},
    author = {Shazeer, Noam and Stern, Mitchell},
    month = {4},
    pages = {7322--7330},
    volume = {10},
    publisher = {International Machine Learning Society (IMLS)},
    url = {https://arxiv.org/abs/1804.04235v1},
    isbn = {9781510867963},
    doi = {10.48550/arxiv.1804.04235},
    arxivId = {1804.04235}
}

@article{Kingma2014Adam:Optimization,
    title = {{Adam: A Method for Stochastic Optimization}},
    year = {2014},
    journal = {3rd International Conference on Learning Representations, ICLR 2015 - Conference Track Proceedings},
    author = {Kingma, Diederik P. and Ba, Jimmy Lei},
    month = {12},
    publisher = {International Conference on Learning Representations, ICLR},
    url = {https://arxiv.org/abs/1412.6980v9},
    doi = {10.48550/arxiv.1412.6980},
    arxivId = {1412.6980}
}

@article{Duchi2011AdaptiveOptimization,
    title = {{Adaptive Subgradient Methods for Online Learning and Stochastic Optimization}},
    year = {2011},
    journal = {Journal of Machine Learning Research},
    author = {Duchi, John and Hazan, Elad and Singer, Yoram},
    number = {61},
    pages = {2121--2159},
    volume = {12},
    url = {http://jmlr.org/papers/v12/duchi11a.html}
}

@inproceedings{Bergstra2011AlgorithmsOptimization,
    title = {{Algorithms for Hyper-Parameter Optimization}},
    year = {2011},
    booktitle = {Advances in Neural Information Processing Systems},
    author = {Bergstra, James and Bardenet, Rémi and Bengio, Yoshua and K{\'{e}}gl, Balázs},
    editor = {Shawe-Taylor, J and Zemel, R and Bartlett, P and Pereira, F and Weinberger, K Q},
    pages = {},
    volume = {24},
    publisher = {Curran Associates, Inc.},
    url = {https://proceedings.neurips.cc/paper/2011/file/86e8f7ab32cfd12577bc2619bc635690-Paper.pdf}
}

@inproceedings{Ayzel2019AllNowcasting,
    title = {{All convolutional neural networks for radar-based precipitation nowcasting}},
    year = {2019},
    booktitle = {Procedia Computer Science},
    author = {Ayzel, G. and Heistermann, M. and Sorokin, A. and Nikitin, O. and Lukyanova, O.},
    month = {1},
    pages = {186--192},
    volume = {150},
    publisher = {Elsevier B.V.},
    doi = {10.1016/j.procs.2019.02.036},
    issn = {18770509},
    keywords = {Convolutional networks, Deep learning, Nowcasting, Precipitation}
}

@misc{AndrewGeissAMTDLearning,
    title = {{AMTD - Inpainting Radar Missing Data Regions with Deep Learning}},
    author = {{Andrew Geiss} and {Joseph C. Hardin}},
    url = {https://amt.copernicus.org/preprints/amt-2021-100/},
    doi = {https://doi.org/10.5194/amt-2021-100}
}

@article{Wang2018ApplicationNowcasting,
    title = {{Application of spatiotemporal predictive learning in precipitation nowcasting}},
    year = {2018},
    journal = {AGU Fall Meeting Abstracts},
    author = {Wang, C and Hong, Y}
}

@inproceedings{Ioffe2015BatchShift,
    title = {{Batch Normalization: Accelerating Deep Network Training by Reducing Internal Covariate Shift}},
    year = {2015},
    booktitle = {Proceedings of the 32nd International Conference on Machine Learning},
    author = {Ioffe, Sergey and Szegedy, Christian},
    editor = {Bach, Francis and Blei, David},
    month = {9},
    pages = {448--456},
    series = {Proceedings of Machine Learning Research},
    volume = {37},
    publisher = {PMLR},
    url = {https://proceedings.mlr.press/v37/ioffe15.html},
    address = {Lille, France}
}

@article{Fernandez2021Broad-UNet:Tasks,
    title = {{Broad-UNet: Multi-scale feature learning for nowcasting tasks}},
    year = {2021},
    author = {Fernandez, Jesus Garcia and Mehrkanoon, Siamak},
    month = {2},
    url = {http://arxiv.org/abs/2102.06442},
    arxivId = {2102.06442},
    keywords = {Convolutional neural network, Deep learning, Precipitation forecasting, Satellite imagery, U-Net, cloud cover forecasting}
}

@article{Heidke1926CalculationService,
    title = {{Calculation of the success and goodness of strong wind forecasts in the storm warning service}},
    year = {1926},
    journal = {Geogr. Ann. Stockholm},
    author = {Heidke, P},
    number = {1926},
    pages = {301--349},
    volume = {8}
}

@inproceedings{Cui2019Class-BalancedSamples,
    title = {{Class-Balanced Loss Based on Effective Number of Samples}},
    year = {2019},
    booktitle = {Proceedings of the IEEE/CVF Conference on Computer Vision and Pattern Recognition (CVPR)},
    author = {Cui, Yin and Jia, Menglin and Lin, Tsung-Yi and Song, Yang and Belongie, Serge},
    month = {6}
}

@misc{Balaji2021ClimbingScience,
    title = {{Climbing down Charney's ladder: Machine learning and the post-Dennard era of computational climate science}},
    year = {2021},
    booktitle = {Philosophical Transactions of the Royal Society A: Mathematical, Physical and Engineering Sciences},
    author = {Balaji, V.},
    number = {2194},
    month = {4},
    volume = {379},
    publisher = {Royal Society Publishing},
    url = {https://doi.org/10.1098/rsta.2020.0085},
    doi = {10.1098/rsta.2020.0085},
    issn = {1364503X},
    pmid = {33583268},
    arxivId = {2005.11862},
    keywords = {climate, computation, machine learning}
}

@inproceedings{Berthomier2020CloudLearning,
    title = {{Cloud Cover Nowcasting with Deep Learning}},
    year = {2020},
    booktitle = {2020 10th International Conference on Image Processing Theory, Tools and Applications, IPTA 2020},
    author = {Berthomier, Lea and Pradel, Bruno and Perez, Lior},
    month = {11},
    publisher = {Institute of Electrical and Electronics Engineers Inc.},
    isbn = {9781728187501},
    doi = {10.1109/IPTA50016.2020.9286606},
    arxivId = {2009.11577},
    keywords = {cloud, deep learning, meteorology, nowcasting}
}

@article{Zhou1988ComputationNetwork,
    title = {{Computation of optical flow using a neural network}},
    year = {1988},
    author = {Zhou, Y. T. and Chellappa, R.},
    pages = {71--78},
    publisher = {Publ by IEEE},
    doi = {10.1109/ICNN.1988.23914}
}

@article{Tran2019ComputerNetworks,
    title = {{Computer vision in precipitation nowcasting: Applying image quality assessment metrics for training deep neural networks}},
    year = {2019},
    journal = {Atmosphere},
    author = {Tran, Quang Khai and Song, Sa Kwang},
    number = {5},
    month = {5},
    pages = {244},
    volume = {10},
    publisher = {MDPI AG},
    url = {www.mdpi.com/journal/atmosphere},
    doi = {10.3390/atmos10050244},
    issn = {20734433},
    keywords = {Convolutional GRU, Convolutional LSTM, Image quality assessment, Precipitation nowcasting, Radar echo extrapolation, Trajectory GRU}
}

@article{Shi2015ConvolutionalNowcasting,
    title = {{Convolutional LSTM Network: A Machine Learning Approach for Precipitation Nowcasting}},
    year = {2015},
    journal = {Advances in Neural Information Processing Systems},
    author = {Shi, Xingjian and Chen, Zhourong and Wang, Hao and Yeung, Dit Yan and Wong, Wai Kin and Woo, Wang Chun},
    month = {6},
    pages = {802--810},
    volume = {2015-January},
    publisher = {Neural information processing systems foundation},
    url = {https://arxiv.org/abs/1506.04214v2},
    doi = {10.48550/arxiv.1506.04214},
    issn = {10495258},
    arxivId = {1506.04214}
}

@article{He2015ConvolutionalCost,
    title = {{Convolutional neural networks at constrained time cost}},
    year = {2015},
    journal = {Proceedings of the IEEE Computer Society Conference on Computer Vision and Pattern Recognition},
    author = {He, Kaiming and Sun, Jian},
    month = {10},
    pages = {5353--5360},
    volume = {07-12-June-2015},
    publisher = {IEEE Computer Society},
    isbn = {9781467369640},
    doi = {10.1109/CVPR.2015.7299173},
    issn = {10636919},
    arxivId = {1412.1710}
}

@misc{DaskDevelopmentTeam2016Dask:Scheduling,
    title = {{Dask: Library for dynamic task scheduling}},
    year = {2016},
    author = {{Dask Development Team}},
    url = {https://dask.org}
}

@article{Loshchilov2017DecoupledRegularization,
    title = {{Decoupled Weight Decay Regularization}},
    year = {2017},
    journal = {7th International Conference on Learning Representations, ICLR 2019},
    author = {Loshchilov, Ilya and Hutter, Frank},
    month = {11},
    publisher = {International Conference on Learning Representations, ICLR},
    url = {https://arxiv.org/abs/1711.05101v3},
    doi = {10.48550/arxiv.1711.05101},
    arxivId = {1711.05101}
}

@article{Campbell2002DeepBlue,
    title = {{Deep Blue}},
    year = {2002},
    journal = {Artificial Intelligence},
    author = {Campbell, Murray and Hoane, A. Joseph and Hsu, Feng Hsiung},
    number = {1-2},
    month = {1},
    pages = {57--83},
    volume = {134},
    publisher = {Elsevier},
    doi = {10.1016/S0004-3702(01)00129-1},
    issn = {0004-3702},
    keywords = {Computer chess, Evaluation function, Game tree search, Parallel search, Search extensions, Selective search}
}

@article{LeCun2015DeepLearning,
    title = {{Deep learning}},
    year = {2015},
    journal = {Nature 2015 521:7553},
    author = {LeCun, Yann and Bengio, Yoshua and Hinton, Geoffrey},
    number = {7553},
    month = {5},
    pages = {436--444},
    volume = {521},
    publisher = {Nature Publishing Group},
    url = {https://www.nature.com/articles/nature14539},
    doi = {10.1038/nature14539},
    issn = {1476-4687},
    pmid = {26017442},
    keywords = {Computer science, Mathematics and computing}
}

@article{Reichstein2019DeepScience,
    title = {{Deep learning and process understanding for data-driven Earth system science}},
    year = {2019},
    journal = {Nature},
    author = {Reichstein, Markus and Camps-Valls, Gustau and Stevens, Bjorn and Jung, Martin and Denzler, Joachim and Carvalhais, Nuno and {Prabhat}},
    number = {7743},
    month = {2},
    pages = {195--204},
    volume = {566},
    publisher = {Nature Publishing Group},
    url = {https://doi.org/10.1038/s41586-019-0912-1},
    doi = {10.1038/s41586-019-0912-1},
    issn = {14764687},
    pmid = {30760912},
    keywords = {Biogeochemistry, Climate sciences, Environmental sciences, Mathematics and computing}
}

@techreport{Shi2017DeepModel,
    title = {{Deep Learning for Precipitation Nowcasting: A Benchmark and A New Model}},
    year = {2017},
    booktitle = {arxiv.org},
    author = {Shi, Xingjian and Gao, Zhihan and Lausen, Leonard and Wang, Hao and Yeung, Dit-Yan and Wong, Wai-Kin and Woo, Wang-Chun and Kong Observatory, Hong},
    url = {https://arxiv.org/abs/1706.03458},
    arxivId = {1706.03458v2}
}

@article{Wang2020DeepSurvey,
    title = {{Deep Learning for Spatio-Temporal Data Mining: A Survey}},
    year = {2020},
    journal = {IEEE Transactions on Knowledge and Data Engineering},
    author = {Wang, Senzhang and Cao, Jiannong and Yu, Philip},
    month = {9},
    pages = {1--1},
    publisher = {Institute of Electrical and Electronics Engineers (IEEE)},
    doi = {10.1109/tkde.2020.3025580},
    issn = {1041-4347},
    arxivId = {1906.04928}
}

@article{Ren2021DeepSurvey,
    title = {{Deep Learning-Based Weather Prediction: A Survey}},
    year = {2021},
    journal = {Big Data Research},
    author = {Ren, Xiaoli and Li, Xiaoyong and Ren, Kaijun and Song, Junqiang and Xu, Zichen and Deng, Kefeng and Wang, Xiang},
    month = {2},
    pages = {100178},
    volume = {23},
    publisher = {Elsevier Inc.},
    doi = {10.1016/j.bdr.2020.100178},
    issn = {22145796},
    keywords = {Big meteorological data, Deep learning, Spatio-temporal feature, Time series, Weather forecasting}
}

@techreport{Deng2014DeepApplications,
    title = {{Deep Learning: Methods and Applications}},
    year = {2014},
    author = {Deng, Li and Yu, Dong},
    number = {MSR-TR-2014-21},
    month = {5},
    url = {https://www.microsoft.com/en-us/research/publication/deep-learning-methods-and-applications/},
    institution = {Microsoft}
}

@article{He2016DeepRecognition,
    title = {{Deep residual learning for image recognition}},
    year = {2016},
    journal = {Proceedings of the IEEE Computer Society Conference on Computer Vision and Pattern Recognition},
    author = {He, Kaiming and Zhang, Xiangyu and Ren, Shaoqing and Sun, Jian},
    month = {12},
    pages = {770--778},
    volume = {2016-December},
    publisher = {IEEE Computer Society},
    isbn = {9781467388504},
    doi = {10.1109/CVPR.2016.90},
    issn = {10636919},
    arxivId = {1512.03385}
}

@inproceedings{Glorot2011DeepNetworks,
    title = {{Deep Sparse Rectifier Neural Networks}},
    year = {2011},
    booktitle = {Proceedings of the Fourteenth International Conference on Artificial Intelligence and Statistics},
    author = {Glorot, Xavier and Bordes, Antoine and Bengio, Yoshua},
    editor = {Gordon, Geoffrey and Dunson, David and Dud{\'{i}}k, Miroslav},
    month = {4},
    pages = {315--323},
    series = {Proceedings of Machine Learning Research},
    volume = {15},
    publisher = {PMLR},
    url = {https://proceedings.mlr.press/v15/glorot11a.html},
    address = {Fort Lauderdale, FL, USA}
}

@inproceedings{Kim2019Deep-hurricane-tracker:Events,
    title = {{Deep-hurricane-tracker: Tracking and forecasting extreme climate events}},
    year = {2019},
    booktitle = {Proceedings - 2019 IEEE Winter Conference on Applications of Computer Vision, WACV 2019},
    author = {Kim, Sookyung and Kim, Hyojin and Lee, Joonseok and Yoon, Sangwoong and Kahou, Samira E. and Kashinath, Karthik and {Prabhat}},
    month = {3},
    pages = {1761--1769},
    publisher = {Institute of Electrical and Electronics Engineers Inc.},
    isbn = {9781728119755},
    doi = {10.1109/WACV.2019.00192}
}

@article{He2015DelvingClassification,
    title = {{Delving Deep into Rectifiers: Surpassing Human-Level Performance on ImageNet Classification}},
    year = {2015},
    journal = {Proceedings of the IEEE International Conference on Computer Vision},
    author = {He, Kaiming and Zhang, Xiangyu and Ren, Shaoqing and Sun, Jian},
    month = {2},
    pages = {1026--1034},
    volume = {2015},
    publisher = {Institute of Electrical and Electronics Engineers Inc.},
    url = {https://arxiv.org/abs/1502.01852v1},
    isbn = {9781467383912},
    doi = {10.48550/arxiv.1502.01852},
    issn = {15505499},
    arxivId = {1502.01852}
}

@article{Hilburn2020DevelopmentObservations,
    title = {{Development and Interpretation of a Neural-Network-Based Synthetic Radar Reflectivity Estimator Using GOES-R Satellite Observations}},
    year = {2020},
    journal = {Journal of Applied Meteorology and Climatology},
    author = {Hilburn, Kyle A. and Ebert-Uphoff, Imme and Miller, Steven D.},
    number = {1},
    month = {12},
    pages = {3--21},
    volume = {60},
    publisher = {American Meteorological Society},
    url = {https://journals.ametsoc.org/view/journals/apme/60/1/jamc-d-20-0084.1.xml},
    doi = {10.1175/JAMC-D-20-0084.1},
    issn = {1558-8424}
}

@article{Srivastava2014Dropout:Overfitting,
    title = {{Dropout: A Simple Way to Prevent Neural Networks from Overfitting}},
    year = {2014},
    journal = {Journal of Machine Learning Research},
    author = {Srivastava, Nitish and Hinton, Geoffrey and Krizhevsky, Alex and Sutskever, Ilya and Salakhutdinov, Ruslan},
    number = {56},
    pages = {1929--1958},
    volume = {15},
    url = {http://jmlr.org/papers/v15/srivastava14a.html}
}

@article{Lu2019DyingExamples,
    title = {{Dying ReLU and Initialization: Theory and Numerical Examples}},
    year = {2019},
    journal = {Communications in Computational Physics},
    author = {Lu, Lu and Shin, Yeonjong and Su, Yanhui and Karniadakis, George Em},
    number = {5},
    month = {3},
    pages = {1671--1706},
    volume = {28},
    publisher = {Global Science Press},
    url = {http://arxiv.org/abs/1903.06733 http://dx.doi.org/10.4208/cicp.OA-2020-0165},
    doi = {10.4208/cicp.OA-2020-0165},
    arxivId = {1903.06733v3},
    keywords = {Dying ReLU, Neural network, Randomized asymmetric initial-ization, Randomized asymmetric initialization, Vanishing/Exploding gradient}
}

@article{Lin2018DynamicForecast,
    title = {{Dynamic fine-tuning stacked auto-encoder neural network for weather forecast}},
    year = {2018},
    journal = {Future Generation Computer Systems},
    author = {Lin, Szu Yin and Chiang, Chi Chun and Li, Jung Bin and Hung, Zih Siang and Chao, Kuo Ming},
    month = {12},
    pages = {446--454},
    volume = {89},
    publisher = {North-Holland},
    doi = {10.1016/J.FUTURE.2018.06.052},
    issn = {0167-739X},
    keywords = {Association analysis, Dynamic data-driven application systems, Sequence analysis, Stacked auto-encoder neural network}
}

@techreport{Liang2018Dynamic-structuredNetwork,
    title = {{Dynamic-structured Semantic Propagation Network}},
    year = {2018},
    author = {Liang, Xiaodan and Zhou Wumii Tech Limited, Hongfei and Xing, Eric},
    pages = {752--761}
}

@incollection{Prechelt1998EarlyWhen,
    title = {{Early Stopping - But When?}},
    year = {1998},
    booktitle = {Neural Networks: Tricks of the Trade},
    author = {Prechelt, Lutz},
    editor = {Orr Genevieve B.{\\\}and M{\"{u}}ller, Klaus-Robert},
    pages = {55--69},
    publisher = {Springer Berlin Heidelberg},
    url = {https://doi.org/10.1007/3-540-49430-8_3},
    address = {Berlin, Heidelberg},
    isbn = {978-3-540-49430-0},
    doi = {10.1007/3-540-49430-8{\_}3}
}

@inproceedings{LeCun1998EfficientBackProp,
    title = {{Efficient BackProp}},
    year = {1998},
    booktitle = {Neural Networks: Tricks of the Trade, This Book is an Outgrowth of a 1996 NIPS Workshop},
    author = {LeCun, Yann and Bottou, Léon and Orr, Genevieve B and M{\"{u}}ller, Klaus-Robert},
    pages = {9--50},
    publisher = {Springer-Verlag},
    address = {Berlin, Heidelberg},
    isbn = {3540653112}
}

@book{Cover2006ElementsTheory,
    title = {{Elements of Information Theory}},
    year = {2006},
    author = {Cover, Thomas M and Thomas, Joy A},
    edition = {2nd Edition},
    publisher = {Wiley-Interscience}
}

@article{Xu2015EmpiricalNetwork,
    title = {{Empirical Evaluation of Rectified Activations in Convolutional Network}},
    year = {2015},
    author = {Xu, Bing and Wang, Naiyan and Kong, Hong and Chen, Tianqi and Li, Mu},
    month = {5},
    url = {https://arxiv.org/abs/1505.00853v2},
    doi = {10.48550/arxiv.1505.00853},
    arxivId = {1505.00853}
}

@article{Hossain2015ForecastingApproach,
    title = {{Forecasting the weather of Nevada: A deep learning approach}},
    year = {2015},
    journal = {Proceedings of the International Joint Conference on Neural Networks},
    author = {Hossain, Moinul and Rekabdar, Banafsheh and Louis, Sushil J. and Dascalu, Sergiu},
    month = {9},
    volume = {2015-September},
    publisher = {Institute of Electrical and Electronics Engineers Inc.},
    isbn = {9781479919604},
    doi = {10.1109/IJCNN.2015.7280812},
    keywords = {Artificial neural networks, History, Meteorology, Noise reduction}
}

@article{Steffenel2021ForecastingExperiment,
    title = {{Forecasting upper atmospheric scalars advection using deep learning: an O3 experiment}},
    year = {2021},
    journal = {Machine Learning},
    author = {Steffenel, Luiz Angelo and Anabor, Vagner and Kirsch Pinheiro, Damaris and Guzman, Lissette and Dornelles Bittencourt, Gabriela and Bencherif, Hassan},
    month = {3},
    pages = {1--24},
    publisher = {Springer},
    url = {https://doi.org/10.1007/s10994-020-05944-x},
    doi = {10.1007/s10994-020-05944-x},
    issn = {15730565},
    keywords = {Deep learning, Ozone, Spatio-temporal, Weather forecast}
}

@article{Synnaeve2018ForwardDefogger,
    title = {{Forward Modeling for Partial Observation Strategy Games - A StarCraft Defogger}},
    year = {2018},
    journal = {Advances in Neural Information Processing Systems},
    author = {Synnaeve, Gabriel and Lin, Zeming and Gehring, Jonas and Gant, Dan and Mella, Vegard and Khalidov, Vasil and Carion, Nicolas and Usunier, Nicolas},
    month = {11},
    pages = {10738--10748},
    volume = {2018-December},
    publisher = {Neural information processing systems foundation},
    url = {http://arxiv.org/abs/1812.00054},
    arxivId = {1812.00054}
}

@article{Shelhamer2017FullySegmentation,
    title = {{Fully Convolutional Networks for Semantic Segmentation}},
    year = {2017},
    journal = {IEEE Transactions on Pattern Analysis and Machine Intelligence},
    author = {Shelhamer, Evan and Long, Jonathan and Darrell, Trevor},
    number = {4},
    month = {4},
    pages = {640--651},
    volume = {39},
    publisher = {IEEE Computer Society},
    doi = {10.1109/TPAMI.2016.2572683},
    issn = {01628828},
    pmid = {27244717},
    arxivId = {1411.4038},
    keywords = {Convolutional Networks, Deep Learning, Semantic Segmentation, Transfer Learning}
}

@article{Zhang2018GaAN:Graphs,
    title = {{GaAN: Gated Attention Networks for Learning on Large and Spatiotemporal Graphs}},
    year = {2018},
    journal = {34th Conference on Uncertainty in Artificial Intelligence 2018, UAI 2018},
    author = {Zhang, Jiani and Shi, Xingjian and Xie, Junyuan and Ma, Hao and King, Irwin and Yeung, Dit-Yan},
    month = {3},
    pages = {339--349},
    volume = {1},
    publisher = {Association For Uncertainty in Artificial Intelligence (AUAI)},
    url = {http://arxiv.org/abs/1803.07294},
    arxivId = {1803.07294}
}

@misc{GoogleResolution,
    title = {{Google AI Blog: Using Machine Learning to “Nowcast” Precipitation in High Resolution}},
    url = {https://ai.googleblog.com/2020/01/using-machine-learning-to-nowcast.html}
}

@misc{GoogleResolutionb,
    title = {{Google AI Blog: Using Machine Learning to “Nowcast” Precipitation in High Resolution}},
    url = {https://ai.googleblog.com/2020/01/using-machine-learning-to-nowcast.html}
}

@article{Liashchynskyi2019GridNAS,
    title = {{Grid Search, Random Search, Genetic Algorithm: A Big Comparison for NAS}},
    year = {2019},
    author = {Liashchynskyi, Petro and Liashchynskyi, Pavlo},
    month = {12},
    url = {https://arxiv.org/abs/1912.06059v1},
    doi = {10.48550/arxiv.1912.06059},
    arxivId = {1912.06059},
    keywords = {Neural architecture search, genetic algorithm, grid search, hyperparameter optimization, random search}
}

@article{Iqbal2018HarisIqbal88/PlotNeuralNetV1.0.0,
    title = {{HarisIqbal88/PlotNeuralNet v1.0.0}},
    year = {2018},
    author = {Iqbal, Haris},
    month = {12},
    url = {https://doi.org/10.5281/zenodo.2526396#.YjtsGrN5T_Q.mendeley},
    doi = {10.5281/ZENODO.2526396}
}

@unpublished{Ramesh2022HierarchicalLatents,
    title = {{Hierarchical Text-Conditional Image Generation with CLIP Latents}},
    year = {2022},
    author = {Ramesh, Aditya and Dhariwal, Prafulla and Nichol, Alex and Chun, Casey and Chen, Mark},
    institution = {OpenAI}
}

@article{Srivastava2015HighwayNetworks,
    title = {{Highway Networks}},
    year = {2015},
    author = {Srivastava, Rupesh Kumar and Greff, Klaus and Schmidhuber, Jurgen},
    month = {5},
    url = {https://arxiv.org/abs/1505.00387v2},
    doi = {10.48550/arxiv.1505.00387},
    arxivId = {1505.00387}
}

@inproceedings{ParkHURRICANEPREDICTION,
    title = {{HURRICANE NOWCASTING WITH IRREGULAR TIME STEPS USING NEURAL ODE AND VIDEO PREDICTION}},
    booktitle = {climatechange.ai},
    author = {Park, Sunghyun and Kim, Kangyeol and Kim, Sookyung and Lee, Joonseok and Research, Google and Lee, Jiwoo and Lee, Junsoo and Choo, Jaegul},
    url = {https://www.climatechange.ai/papers/iclr2020/21/paper.pdf}
}

@article{Zheng2020HybridForecasting,
    title = {{Hybrid Scheme of Kinematic Analysis and Lagrangian Koopman Operator Analysis for Short-term Precipitation Forecasting}},
    year = {2020},
    author = {Zheng, Shitao and Miyamoto, Takashi and Iwanami, Koyuru and Shimizu, Shingo and Kato, Ryohei},
    month = {6},
    url = {http://arxiv.org/abs/2006.02064},
    arxivId = {2006.02064}
}

@phdthesis{Aljaafari2018IchthyoplanktonLearning,
    title = {{Ichthyoplankton Classification Tool using Generative Adversarial Networks and Transfer Learning}},
    year = {2018},
    author = {Aljaafari, Nura},
    month = {3},
    pages = {}
}

@phdthesis{Aljaafari2018IchthyoplanktonLearningb,
    title = {{Ichthyoplankton Classification Tool using Generative Adversarial Networks and Transfer Learning}},
    year = {2018},
    author = {Aljaafari, Nura},
    month = {4},
    pages = {}
}

@article{He2016IdentityNetworks,
    title = {{Identity Mappings in Deep Residual Networks}},
    year = {2016},
    journal = {Lecture Notes in Computer Science (including subseries Lecture Notes in Artificial Intelligence and Lecture Notes in Bioinformatics)},
    author = {He, Kaiming and Zhang, Xiangyu and Ren, Shaoqing and Sun, Jian},
    pages = {630--645},
    volume = {9908 LNCS},
    publisher = {Springer, Cham},
    url = {https://link.springer.com/chapter/10.1007/978-3-319-46493-0_38},
    isbn = {9783319464923},
    doi = {10.1007/978-3-319-46493-0{\_}38},
    issn = {16113349},
    arxivId = {1603.05027}
}

@article{KrizhevskyImageNetNetworks,
    title = {{ImageNet Classification with Deep Convolutional Neural Networks}},
    author = {Krizhevsky, Alex and Sutskever, Ilya and Hinton, Geoffrey E},
    url = {http://code.google.com/p/cuda-convnet/}
}

@article{Krizhevsky2017ImageNetNetworks,
    title = {{ImageNet classification with deep convolutional neural networks}},
    year = {2017},
    journal = {Communications of the ACM},
    author = {Krizhevsky, Alex and Sutskever, Ilya and Hinton, Geoffrey E.},
    number = {6},
    month = {5},
    pages = {84--90},
    volume = {60},
    publisher = {{\\\}		ACM{\\\}		PUB27{\\\}		New York, NY, USA{\\\}	},
    url = {https://dl.acm.org/doi/abs/10.1145/3065386},
    doi = {10.1145/3065386},
    issn = {15577317}
}

@article{Dahl2013ImprovingDropout,
    title = {{Improving deep neural networks for LVCSR using rectified linear units and dropout}},
    year = {2013},
    journal = {ICASSP, IEEE International Conference on Acoustics, Speech and Signal Processing - Proceedings},
    author = {Dahl, George E. and Sainath, Tara N. and Hinton, Geoffrey E.},
    month = {10},
    pages = {8609--8613},
    isbn = {9781479903566},
    doi = {10.1109/ICASSP.2013.6639346},
    issn = {15206149},
    keywords = {Bayesian optimization, LVCSR, acoustic modeling, broadcast news, deep learning, dropout, neural networks, rectified linear units}
}

@article{Pan2019ImprovingNetwork,
    title = {{Improving Precipitation Estimation Using Convolutional Neural Network}},
    year = {2019},
    journal = {Water Resources Research},
    author = {Pan, Baoxiang and Hsu, Kuolin and AghaKouchak, Amir and Sorooshian, Soroosh},
    number = {3},
    month = {3},
    pages = {2301--2321},
    volume = {55},
    publisher = {Blackwell Publishing Ltd},
    doi = {10.1029/2018WR024090},
    issn = {19447973},
    keywords = {deep learning, downscaling, precipitation}
}

@inproceedings{Becker1989ImprovingMethods,
    title = {{Improving the Convergence of Back-Propagation Learning with Second-Order Methods}},
    year = {1989},
    author = {Becker, Suzanna and Lecun, Yann},
    month = {4},
    pages = {}
}

@book{MacKay2003InformationAlgorithms,
    title = {{Information Theory, Inference, and Learning Algorithms}},
    year = {2003},
    author = {MacKay, David J.C.},
    publisher = {Cambridge University Press}
}

@article{Lau2017InvestigationNetwork,
    title = {{Investigation of activation functions in deep belief network}},
    year = {2017},
    journal = {2017 2nd International Conference on Control and Robotics Engineering, ICCRE 2017},
    author = {Lau, Mian Mian and Lim, King Hann},
    month = {5},
    pages = {201--206},
    publisher = {Institute of Electrical and Electronics Engineers Inc.},
    isbn = {9781509037735},
    doi = {10.1109/ICCRE.2017.7935070},
    keywords = {Activation function, Deep belief network, Mini batch, Random sequence}
}

@misc{DeutscherWetterdienst2022KONRADRADarprodukten,
    title = {{KONRAD - KONvektive Entfwicklung in RADarprodukten}},
    year = {2022},
    author = {{Deutscher Wetterdienst}},
    url = {https://www.dwd.de/DE/forschung/wettervorhersage/met_fachverfahren/nowcasting/konrad_node.html}
}

@article{Umek2016LakeConstance,
    title = {{Lake and orographic effects on a snowstorm at lake constance}},
    year = {2016},
    journal = {Monthly Weather Review},
    author = {Umek, Lukas and Gohm, Alexander},
    number = {12},
    pages = {4687--4707},
    volume = {144},
    publisher = {American Meteorological Society},
    doi = {10.1175/MWR-D-16-0032.1},
    issn = {15200493},
    keywords = {Europe, Lake effects, Mesoscale models, Orographic effects, Snowbands}
}

@article{Holroyd1971Lake-EffectSatellites,
    title = {{Lake-Effect Cloud Bands as Seen From Weather Satellites}},
    year = {1971},
    journal = {Journal of the Atmospheric Sciences},
    author = {Holroyd, Edmond W.},
    number = {7},
    month = {10},
    pages = {1165--1170},
    volume = {28},
    publisher = {American Meteorological Society},
    doi = {10.1175/1520-0469(1971)028<1165:lecbas>2.0.co;2},
    issn = {0022-4928}
}

@article{Brown2020LanguageLearners,
    title = {{Language Models are Few-Shot Learners}},
    year = {2020},
    journal = {Advances in Neural Information Processing Systems},
    author = {Brown, Tom B. and Mann, Benjamin and Ryder, Nick and Subbiah, Melanie and Kaplan, Jared and Dhariwal, Prafulla and Neelakantan, Arvind and Shyam, Pranav and Sastry, Girish and Askell, Amanda and Agarwal, Sandhini and Herbert-Voss, Ariel and Krueger, Gretchen and Henighan, Tom and Child, Rewon and Ramesh, Aditya and Ziegler, Daniel M. and Wu, Jeffrey and Winter, Clemens and Hesse, Christopher and Chen, Mark and Sigler, Eric and Litwin, Mateusz and Gray, Scott and Chess, Benjamin and Clark, Jack and Berner, Christopher and McCandlish, Sam and Radford, Alec and Sutskever, Ilya and Amodei, Dario},
    month = {5},
    volume = {2020-December},
    publisher = {Neural information processing systems foundation},
    url = {https://arxiv.org/abs/2005.14165v4},
    doi = {10.48550/arxiv.2005.14165},
    issn = {10495258},
    arxivId = {2005.14165}
}

@article{Boukabara2019LeveragingChallenges,
    title = {{Leveraging modern artificial intelligence for remote sensing and NWP benefits and challenges}},
    year = {2019},
    journal = {Bulletin of the American Meteorological Society},
    author = {Boukabara, Sid Ahmed and Krasnopolsky, Vladimir and Stewart, Jebb Q. and Maddy, Eric S. and Shahroudi, Narges and Hoffman, Ross N.},
    number = {12},
    month = {12},
    pages = {ES473-ES491},
    volume = {100},
    publisher = {American Meteorological Society},
    url = {www.noaa.gov},
    doi = {10.1175/BAMS-D-18-0324.1},
    issn = {00030007}
}

@book{Mitchell1997MachineLearning,
    title = {{Machine Learning}},
    year = {1997},
    author = {Mitchell, Tom M.},
    publisher = {McGraw-Hill}
}

@article{Agrawal2019MachineImages,
    title = {{Machine Learning for Precipitation Nowcasting from Radar Images}},
    year = {2019},
    author = {Agrawal, Shreya and Barrington, Luke and Bromberg, Carla and Burge, John and Gazen, Cenk and Hickey, Jason},
    month = {12},
    url = {http://arxiv.org/abs/1912.12132},
    arxivId = {1912.12132}
}

@book{Rossi2018MathematicalInference,
    title = {{Mathematical statistics : an introduction to likelihood based inference}},
    year = {2018},
    author = {Rossi, Richard J.},
    isbn = {978-1-118-77104-4}
}

@article{Caswell2019Matplotlib/matplotlib:V3.1.1,
    title = {{matplotlib/matplotlib: REL: v3.1.1}},
    year = {2019},
    author = {Caswell, Thomas A and Droettboom, Michael and Hunter, John and Lee, Antony and Firing, Eric and Stansby, David and Klymak, Jody and Andrade, Elliott Sales de and Nielsen, Jens Hedegaard and Varoquaux, Nelle and Hoffmann, Tim and Root, Benjamin and Elson, Phil and May, Ryan and Dale, Darren and Lee, Jae-Joon and Sepp{\"{a}}nen, Jouni K. and McDougall, Damon and Straw, Andrew and Hobson, Paul and Gohlke, Christoph and Yu, Tony S and Ma, Eric and Vincent, Adrien F. and Silvester, Steven and Moad, Charlie and Katins, Jan and Kniazev, Nikita and Ariza, Federico and Ernest, Elan},
    month = {7},
    url = {https://zenodo.org/record/3264781},
    doi = {10.5281/ZENODO.3264781}
}

@techreport{Wang2019MemoryApplication,
    title = {{Memory In Memory: A Predictive Neural Network for Learning Higher-Order Non-Stationarity from Spatiotemporal Dynamics Beijing Key Laboratory for Industrial Big Data System and Application}},
    year = {2019},
    author = {Wang, Yunbo and Zhang, Jianjin and Zhu, Hongyu and Long, Mingsheng and Wang, Jianmin and Kliss, Philip S Yu and Bnrist, Moe ;},
    pages = {9154--9162}
}

@misc{Whiteman2008Metcrax2006,
    title = {{Metcrax 2006}},
    year = {2008},
    booktitle = {Bulletin of the American Meteorological Society},
    author = {Whiteman, C. David and Muschinski, Andreas and Zhong, Sharon and Fritts, David and Hoch, Sebastian W. and Hahnenberger, Maura and Yao, Wenqing and Hohreiter, Vincent and Behn, Mario and Cheon, Yonghun and Clements, Craig B. and Horst, Thomas W. and Brown, William O.J. and Oncley, Steven P.},
    number = {11},
    month = {11},
    pages = {1665--1680},
    volume = {89},
    publisher = { American Meteorological Society },
    doi = {10.1175/2008BAMS2574.1},
    issn = {00030007}
}

@misc{Whiteman2008Metcrax2006b,
    title = {{Metcrax 2006}},
    year = {2008},
    booktitle = {Bulletin of the American Meteorological Society},
    author = {Whiteman, C. David and Muschinski, Andreas and Zhong, Sharon and Fritts, David and Hoch, Sebastian W. and Hahnenberger, Maura and Yao, Wenqing and Hohreiter, Vincent and Behn, Mario and Cheon, Yonghun and Clements, Craig B. and Horst, Thomas W. and Brown, William O.J. and Oncley, Steven P.},
    number = {11},
    month = {11},
    pages = {1665--1680},
    volume = {89},
    publisher = { American Meteorological Society },
    doi = {10.1175/2008BAMS2574.1},
    issn = {00030007}
}

@article{Snderby2020MetNet:Forecasting,
    title = {{MetNet: A Neural Weather Model for Precipitation Forecasting}},
    year = {2020},
    author = {S{\o}nderby, Casper Kaae and Espeholt, Lasse and Heek, Jonathan and Dehghani, Mostafa and Oliver, Avital and Salimans, Tim and Agrawal, Shreya and Hickey, Jason and Kalchbrenner, Nal},
    month = {3},
    url = {http://arxiv.org/abs/2003.12140},
    arxivId = {2003.12140}
}

@article{Snderby2020MetNet:Forecastingb,
    title = {{MetNet: A Neural Weather Model for Precipitation Forecasting}},
    year = {2020},
    author = {S{\o}nderby, Casper Kaae and Heek, Jonathan and Dehghani, Mostafa and Oliver, Avital and Research, Google and Salimans, Tim and Agrawal, Shreya and Hickey, Jason and Kalchbrenner, Nal},
    month = {3},
    url = {https://arxiv.org/abs/2003.12140v2},
    doi = {10.48550/arxiv.2003.12140},
    arxivId = {2003.12140}
}

@article{Li2020MSDM:Data,
    title = {{MSDM: a machine learning model for precipitation nowcasting over east China using multi-source data}},
    year = {2020},
    journal = {Geoscientific Model Development Discussions},
    author = {Li, Dawei and Liu, Yudi and Chen, Chaohui},
    pages = {1--13},
    doi = {10.5194/gmd-2020-363},
    issn = {1991-959X},
    keywords = {Artificial intelligence, Data model, Machine learning, Nowcasting, Numerical weather prediction, Radar, Satellite, Smoothing, Temporal resolution, Typhoon}
}

@techreport{Xu2019Non-LocalReduction,
    title = {{Non-Local ConvLSTM for Video Compression Artifact Reduction}},
    year = {2019},
    author = {Xu, Yi and Gao, Longwen and Tian, Kai and Zhou, Shuigeng and Sun, Huyang},
    pages = {7043--7052}
}

@book{Nocedal2006NumericalOptimization,
    title = {{Numerical Optimization}},
    year = {2006},
    author = {Nocedal, Jorge and Wright, Stephen J.},
    series = {Springer Series in Operations Research and Financial Engineering},
    publisher = {Springer New York},
    url = {http://link.springer.com/10.1007/978-0-387-40065-5},
    isbn = {978-0-387-30303-1},
    doi = {10.1007/978-0-387-40065-5}
}

@article{Qian1999OnAlgorithms,
    title = {{On the momentum term in gradient descent learning algorithms}},
    year = {1999},
    journal = {Neural Networks},
    author = {Qian, Ning},
    number = {1},
    month = {1},
    pages = {145--151},
    volume = {12},
    publisher = {Pergamon},
    doi = {10.1016/S0893-6080(98)00116-6},
    issn = {0893-6080},
    keywords = {Critical damping, Damped harmonic oscillator, Gradient descent learning algorithm, Learning rate, Momentum, Speed of convergence}
}

@article{Woo2017OperationalNowcasting,
    title = {{Operational application of optical flow techniques to radar-based rainfall nowcasting}},
    year = {2017},
    journal = {Atmosphere},
    author = {Woo, Wang Chun and Wong, Wai Kin},
    number = {3},
    month = {2},
    pages = {48},
    volume = {8},
    publisher = {MDPI AG},
    url = {www.mdpi.com/journal/atmosphere},
    doi = {10.3390/atmos8030048},
    issn = {20734433},
    keywords = {Motion tracking, Nowcast, Optical flow, Rainfall}
}

@article{Ayzel2019OpticalV0.1,
    title = {{Optical flow models as an open benchmark for radar-based precipitation nowcasting (rainymotion v0.1)}},
    year = {2019},
    journal = {Geoscientific Model Development},
    author = {Ayzel, Georgy and Heistermann, Maik and Winterrath, Tanja},
    number = {4},
    month = {4},
    pages = {1387--1402},
    volume = {12},
    publisher = {Copernicus GmbH},
    doi = {10.5194/GMD-12-1387-2019},
    issn = {19919603}
}

@article{Hjelmfelt1992OrographicMichigan,
    title = {{Orographic effects in simulated lake-effect snowstorms over Lake Michigan}},
    year = {1992},
    journal = {Monthly Weather Review},
    author = {Hjelmfelt, M. R.},
    number = {2},
    pages = {373--377},
    volume = {120},
    doi = {10.1175/1520-0493(1992)120<0373:OEISLE>2.0.CO;2},
    issn = {00270644}
}

@article{Alcott2013OrographicSnowstorm,
    title = {{Orographic influences on a great salt lake-effect snowstorm}},
    year = {2013},
    journal = {Monthly Weather Review},
    author = {Alcott, Trevor I. and Steenburgh, W. James},
    number = {7},
    pages = {2432--2450},
    volume = {141},
    doi = {10.1175/MWR-D-12-00328.1},
    issn = {00270644}
}

@book{Bishop2006PatternLearning,
    title = {{Pattern recognition and machine learning}},
    year = {2006},
    author = {Bishop, Christopher M},
    number = {4},
    volume = {4},
    publisher = {Springer},
    url = {https://www.microsoft.com/en-us/research/people/cmbishop/prml-book/}
}

@article{Alleon2020PlumeNet:Network,
    title = {{PlumeNet: Large-Scale Air Quality Forecasting Using A Convolutional LSTM Network}},
    year = {2020},
    author = {All{\'{e}}on, Antoine and Jauvion, Grégoire and Quennehen, Boris and Lissmyr, David},
    month = {6},
    url = {http://arxiv.org/abs/2006.09204},
    arxivId = {2006.09204},
    keywords = {CCS CONCEPTS • Applied computing → Environmental sciences, Con-volutional LSTM, Deep Learning, Urban Computing, • Com-puting methodologies → Neural networks KEYWORDS Air Quality Prediction}
}

@article{deRuiter2021Post-processingNetworks,
    title = {{Post-processing Multi-Model Medium-Term Precipitation Forecasts Using Convolutional Neural Networks}},
    year = {2021},
    author = {de Ruiter, Bob},
    month = {5},
    url = {http://arxiv.org/abs/2105.07043},
    arxivId = {2105.07043}
}

@article{Snoek2012PracticalAlgorithms,
    title = {{Practical Bayesian Optimization of Machine Learning Algorithms}},
    year = {2012},
    journal = {Advances in Neural Information Processing Systems},
    author = {Snoek, Jasper and Larochelle, Hugo and Adams, Ryan P.},
    month = {6},
    pages = {2951--2959},
    volume = {4},
    url = {https://arxiv.org/abs/1206.2944v2},
    isbn = {9781627480031},
    doi = {10.48550/arxiv.1206.2944},
    issn = {10495258},
    arxivId = {1206.2944}
}

@techreport{Gaur2020PrecipitationVision,
    title = {{Precipitation Nowcasting using Deep Learning Techniques (Computer Vision)}},
    year = {2020},
    author = {Gaur, Yash and Jain, Anika and Sarmonikas, Georgios},
    url = {https://github.com/Linusnie/convLSTM_movingMNIST.}
}

@inproceedings{Kim2020PrecipitationRegion,
    title = {{Precipitation Nowcasting Using Grid-based Data in South Korea Region}},
    year = {2020},
    booktitle = {IEEE International Conference on Data Mining Workshops, ICDMW},
    author = {Kim, Chang Hwan and Yun, Se Young},
    month = {11},
    pages = {701--706},
    volume = {2020-November},
    publisher = {IEEE Computer Society},
    isbn = {9781728190129},
    doi = {10.1109/ICDMW51313.2020.00099},
    issn = {23759259},
    keywords = {Deep Learning, LDAPS, Numerical Model Correction, Precipitation Nowcasting, U-Net}
}

@techreport{HeyePrecipitationNetworks,
    title = {{Precipitation Nowcasting: Leveraging Deep Recurrent Convolutional Neural Networks}},
    booktitle = {cug.org},
    author = {Heye, Alexander and Venkatesan, Karthik and Cain, Jericho},
    url = {https://cug.org/proceedings/cug2017_proceedings/includes/files/pap155s2-file1.pdf},
    keywords = {Analytic, Deep Learning, Meteorology}
}

@techreport{Wang2018PredRNN++:Learning,
    title = {{PredRNN++: Towards A Resolution of the Deep-in-Time Dilemma in Spatiotemporal Predictive Learning}},
    year = {2018},
    author = {Wang, Yunbo and Gao, Zhifeng and Long, Mingsheng and Wang, Jianmin and Yu, Philip S},
    month = {7},
    pages = {5123--5132},
    publisher = {PMLR},
    url = {http://proceedings.mlr.press/v80/wang18b.html},
    issn = {2640-3498}
}

@article{Wang2018PredRNN++:Learningb,
    title = {{PredRNN++: Towards A Resolution of the Deep-in-Time Dilemma in Spatiotemporal Predictive Learning}},
    year = {2018},
    journal = {35th International Conference on Machine Learning, ICML 2018},
    author = {Wang, Yunbo and Gao, Zhifeng and Long, Mingsheng and Wang, Jianmin and Yu, Philip S.},
    month = {4},
    pages = {8122--8131},
    volume = {11},
    publisher = {International Machine Learning Society (IMLS)},
    url = {https://arxiv.org/abs/1804.06300v2},
    isbn = {9781510867963},
    doi = {10.48550/arxiv.1804.06300},
    arxivId = {1804.06300}
}

@inproceedings{Wang2017PredRNN:LSTMs,
    title = {{PredRNN: Recurrent Neural Networks for Predictive Learning using Spatiotemporal LSTMs}},
    year = {2017},
    booktitle = {Advances in Neural Information Processing Systems},
    author = {Wang, Yunbo and Long, Mingsheng and Wang, Jianmin and Gao, Zhifeng and Yu, Philip S},
    editor = {Guyon, I and Luxburg, U Von and Bengio, S and Wallach, H and Fergus, R and Vishwanathan, S and Garnett, R},
    pages = {},
    volume = {30},
    publisher = {Curran Associates, Inc.},
    url = {https://proceedings.neurips.cc/paper/2017/file/e5f6ad6ce374177eef023bf5d0c018b6-Paper.pdf}
}

@techreport{Weigl2004ProjektOmbrometer,
    title = {{Projekt RADOLAN - Routineverfahren zur Online-Aneichung der Radarniederschlagsdaten mit Hilfe von automatischen Bodenniederschlagsstationen (Ombrometer)}},
    year = {2004},
    author = {Weigl, Elmar and Reich, Thomas and Lang, Peter and Wagner, Andreas and Kohler, Otfried and Gerlach, Nicole},
    url = {https://www.dwd.de/DE/leistungen/radolan/radolan_info/abschlussbericht_pdf.pdf?__blob=publicationFile&v=2},
    institution = {Deutscher Wetterdienst}
}

@article{Pulkkinen2019Pysteps:v1.0,
    title = {{Pysteps: An open-source Python library for probabilistic precipitation nowcasting (v1.0)}},
    year = {2019},
    journal = {Geoscientific Model Development},
    author = {Pulkkinen, Seppo and Nerini, Daniele and P{\'{e}}rez Hortal, Andrés A. and Velasco-Forero, Carlos and Seed, Alan and Germann, Urs and Foresti, Loris},
    number = {10},
    month = {10},
    pages = {4185--4219},
    volume = {12},
    publisher = {Copernicus GmbH},
    doi = {10.5194/GMD-12-4185-2019},
    issn = {19919603}
}

@incollection{Paszke2019PyTorch:Library,
    title = {{PyTorch: An Imperative Style, High-Performance Deep Learning Library}},
    year = {2019},
    booktitle = {Advances in Neural Information Processing Systems 32},
    author = {Paszke, Adam and Gross, Sam and Massa, Francisco and Lerer, Adam and Bradbury, James and Chanan, Gregory and Killeen, Trevor and Lin, Zeming and Gimelshein, Natalia and Antiga, Luca and Desmaison, Alban and Kopf, Andreas and Yang, Edward and DeVito, Zachary and Raison, Martin and Tejani, Alykhan and Chilamkurthy, Sasank and Steiner, Benoit and Fang, Lu and Bai, Junjie and Chintala, Soumith},
    editor = {Wallach, H and Larochelle, H and Beygelzimer, A and d Alch{\'{e}}-Buc, F and Fox, E and Garnett, R},
    pages = {8024--8035},
    publisher = {Curran Associates, Inc.},
    url = {http://papers.neurips.cc/paper/9015-pytorch-an-imperative-style-high-performance-deep-learning-library.pdf}
}

@incollection{Paszke2019PyTorch:Libraryb,
    title = {{PyTorch: An Imperative Style, High-Performance Deep Learning Library}},
    year = {2019},
    booktitle = {Advances in Neural Information Processing Systems 32},
    author = {Paszke, Adam and Gross, Sam and Massa, Francisco and Lerer, Adam and Bradbury, James and Chanan, Gregory and Killeen, Trevor and Lin, Zeming and Gimelshein, Natalia and Antiga, Luca and Desmaison, Alban and Kopf, Andreas and Yang, Edward and DeVito, Zachary and Raison, Martin and Tejani, Alykhan and Chilamkurthy, Sasank and Steiner, Benoit and Fang, Lu and Bai, Junjie and Chintala, Soumith},
    editor = {Wallach, H and Larochelle, H and Beygelzimer, A and d Alch{\'{e}}-Buc, F and Fox, E and Garnett, R},
    pages = {8024--8035},
    publisher = {Curran Associates, Inc.},
    url = {http://papers.neurips.cc/paper/9015-pytorch-an-imperative-style-high-performance-deep-learning-library.pdf}
}

@article{Falcon2020PyTorchLightning/pytorch-lightning:Release,
    title = {{PyTorchLightning/pytorch-lightning: 0.7.6 release}},
    year = {2020},
    author = {Falcon, William and Borovec, Jirka and W{\"{a}}lchli, Adrian and Eggert, Nic and Schock, Justus and Jordan, Jeremy and Skafte, Nicki and {Ir1dXD} and Bereznyuk, Vadim and Harris, Ethan and Murrell, Tullie and Yu, Peter and Pr{\ae}sius, Sebastian and Addair, Travis and Zhong, Jacob and Lipin, Dmitry and Uchida, So and Bapat, Shreyas and Schr{\"{o}}ter, Hendrik and Dayma, Boris and Karnachev, Alexey and Kulkarni, Akshay and Komatsu, Shunta and {Martin.B} and SCHIRATTI, Jean-Baptiste and Mary, Hadrien and Byrne, Donal and Eyzaguirre, Cristobal and {cinjon} and Bakhtin, Anton},
    month = {5},
    url = {https://zenodo.org/record/3828935},
    doi = {10.5281/ZENODO.3828935}
}

@techreport{Weigl2015RadarniederschlagNiederschlages,
    title = {{Radarniederschlag - Prinzip der Niederschlags-bestimmung mit Radar inkl. Umrechnung der Radarreflektivit{\"{a}}ten in Momentanwerte des Niederschlages}},
    year = {2015},
    author = {Weigl, Elmar},
    url = {https://www.dwd.de/DE/leistungen/radarniederschlag/rn_info/download_niederschlagsbestimmung.pdf?__blob=publicationFile&v=4},
    institution = {Deutscher Wetterdienst},
    keywords = {()}
}

@misc{DeutscherWetterdienst2022RADOLANANeichung,
    title = {{RADOLAN - RADAR OnLine ANeichung}},
    year = {2022},
    author = {{Deutscher Wetterdienst}},
    url = {https://www.dwd.de/DE/leistungen/radolan/radolan.html}
}

@techreport{Weigl2021RADOLANRoutine,
    title = {{RADOLAN {\"{A}}nderungen der operationellen Routine}},
    year = {2021},
    author = {Weigl, Elmar},
    url = {https://www.dwd.de/DE/leistungen/radolan/radolan_info/radolan_aenderungen_pdf.pdf?__blob=publicationFile&v=17},
    institution = {Deutscher Wetterdienst},
    keywords = {RADOLAN}
}

@techreport{Weigl2021RADOLAN/RADVOR2.5.3,
    title = {{RADOLAN/RADVOR Hoch aufgel{\"{o}}ste Niederschlagsanalyse und –vorhersage auf der Basis quantitativer Radar- und Ombrometerdaten f{\"{u}}r grenz{\"{u}}berschreitende Fluss-Einzugsgebiete von Deutsch-land im Echtzeitbetrieb Beschreibung des Kompositformats Version 2.5.3}},
    year = {2021},
    author = {Weigl, Elmar},
    url = {https://www.dwd.de/DE/leistungen/radolan/radolan_info/radolan_radvor_op_komposit_format_pdf.pdf?__blob=publicationFile&v=16},
    institution = {Deutscher Wetterdienst},
    keywords = {RADOLAN}
}

@misc{DeutscherWetterdienst2022RADVORRadar-Niederschlagsvorhersage,
    title = {{RADVOR (Radar-Niederschlagsvorhersage)}},
    year = {2022},
    author = {{Deutscher Wetterdienst}},
    url = {https://www.dwd.de/DE/leistungen/radvor/radvor.html}
}

@article{Ayzel2020RainNetNowcasting,
    title = {{RainNet v1.0: a convolutional neural network for radar-based precipitation nowcasting}},
    year = {2020},
    journal = {Geosci. Model Dev},
    author = {Ayzel, Georgy and Scheffer, Tobias and Heistermann, Maik},
    pages = {2631--2644},
    volume = {13},
    url = {https://doi.org/10.25932/publishup-47294},
    doi = {10.25932/publishup-47294},
    issn = {1991-9603},
    keywords = {models, skill, weather}
}

@article{Bergstra2012RandomOptimization,
    title = {{Random Search for Hyper-Parameter Optimization}},
    year = {2012},
    journal = {Journal of Machine Learning Research},
    author = {Bergstra, James and Bengio, Yoshua},
    number = {10},
    pages = {281--305},
    volume = {13},
    url = {http://jmlr.org/papers/v13/bergstra12a.html}
}

@misc{RankingPubMed,
    title = {{Ranking the risk factors for cesarean: logistic regression analysis of a nationwide study - PubMed}},
    url = {https://pubmed.ncbi.nlm.nih.gov/2342742/}
}

@article{Mor-Yosef1990RankingStudy.,
    title = {{Ranking the risk factors for cesarean: logistic regression analysis of a nationwide study.}},
    year = {1990},
    journal = {Obstetrics and Gynecology},
    author = {Mor-Yosef, Shlomo and Samueloff, Arnon and Modan, Baruch and Navot, Daniel and Schenker, Joseph G.},
    number = {6},
    month = {6},
    pages = {944--947},
    volume = {75},
    url = {https://europepmc.org/article/med/2342742},
    issn = {0029-7844},
    pmid = {2342742},
    keywords = {Europe PMC, Europe PubMed Central, ORCIDs, REST APIs, abstracts, bioinformatics, biological patents, biomedical journals, biomedical research, citation networks, citation search, clinical guidelines, full text, journal articles, life sciences, literature search, open access, research articles, text mining}
}

@article{Maas2013RectifierModels,
    title = {{Rectifier nonlinearities improve neural network acoustic models}},
    year = {2013},
    journal = {IN ICML WORKSHOP ON DEEP LEARNING FOR AUDIO, SPEECH AND LANGUAGE PROCESSING},
    author = {Maas, Andrew L. and Hannun, Awni Y. and Ng, Andrew Y.},
    url = {https://citeseerx.ist.psu.edu/viewdoc/summary?doi=10.1.1.693.1422}
}

@article{Miltenberger2016RevisitingAlps,
    title = {{Revisiting the latent heating contribution to foehn warming: Lagrangian analysis of two foehn events over the Swiss Alps}},
    year = {2016},
    journal = {Quarterly Journal of the Royal Meteorological Society},
    author = {Miltenberger, Annette K. and Reynolds, Silvia and Sprenger, Michael},
    number = {698},
    month = {7},
    pages = {2194--2204},
    volume = {142},
    publisher = {John Wiley and Sons Ltd},
    doi = {10.1002/qj.2816},
    issn = {1477870X},
    keywords = {foehn air warming, foehn flow, trajectories}
}

@article{Pedregosa2011Scikit-learn:Python,
    title = {{Scikit-learn: Machine Learning in Python}},
    year = {2011},
    journal = {Journal of Machine Learning Research},
    author = {Pedregosa, Fabian and Varoquaux, Gaël and Gramfort, Alexandre and Michel, Vincent and Thirion, Bertrand and Grisel, Olivier and Blondel, Mathieu and Prettenhofer, Peter and Weiss, Ron and Dubourg, Vincent and Vanderplas, Jake and Passos, Alexandre and Cournapeau, David and Brucher, Matthieu and Perrot, Matthieu and Duchesnay, Édouard},
    number = {85},
    pages = {2825--2830},
    volume = {12},
    url = {http://jmlr.org/papers/v12/pedregosa11a.html}
}

@article{Badrinarayanan2017SegNet:Segmentation,
    title = {{SegNet: A Deep Convolutional Encoder-Decoder Architecture for Image Segmentation}},
    year = {2017},
    journal = {IEEE Transactions on Pattern Analysis and Machine Intelligence},
    author = {Badrinarayanan, Vijay and Kendall, Alex and Cipolla, Roberto},
    number = {12},
    month = {12},
    pages = {2481--2495},
    volume = {39},
    publisher = {IEEE Computer Society},
    doi = {10.1109/TPAMI.2016.2644615},
    issn = {01628828},
    pmid = {28060704},
    arxivId = {1511.00561},
    keywords = {Deep convolutional neural networks, decoder, encoder, indoor scenes, pooling, road scenes, semantic pixel-wise segmentation, upsampling}
}

@techreport{Veillette2020SEVIRMeteorology,
    title = {{SEVIR : A Storm Event Imagery Dataset for Deep Learning Applications in Radar and Satellite Meteorology}},
    year = {2020},
    booktitle = {Advances in Neural Information Processing Systems},
    author = {Veillette, Mark S and Samsi, Siddharth and Mattioli, Christopher J},
    pages = {22009--22019},
    volume = {33},
    url = {https://registry.opendata.aws/sevir/.}
}

@inproceedings{Sato2018Short-termPredNet,
    title = {{Short-term precipitation prediction with skip-connected PredNet}},
    year = {2018},
    booktitle = {Lecture Notes in Computer Science (including subseries Lecture Notes in Artificial Intelligence and Lecture Notes in Bioinformatics)},
    author = {Sato, Ryoma and Kashima, Hisashi and Yamamoto, Takehiro},
    month = {10},
    pages = {373--382},
    volume = {11141 LNCS},
    publisher = {Springer Verlag},
    url = {https://link.springer.com/chapter/10.1007/978-3-030-01424-7_37},
    isbn = {9783030014230},
    doi = {10.1007/978-3-030-01424-7{\_}37},
    issn = {16113349},
    keywords = {Deep neural network, Nowcasting, Precipitation prediction}
}

@article{Zhang2018Short-TermPerceptron,
    title = {{Short-Term Rainfall Forecasting Using Multi-Layer Perceptron}},
    year = {2018},
    journal = {IEEE Transactions on Big Data},
    author = {Zhang, Pengcheng and Jia, Yangyang and Gao, Jerry and Song, Wei and Leung, Hareton},
    number = {1},
    month = {9},
    pages = {93--106},
    volume = {6},
    publisher = {Institute of Electrical and Electronics Engineers (IEEE)},
    doi = {10.1109/tbdata.2018.2871151},
    issn = {2332-7790}
}

@article{Ravuri2021SkillfulRadar,
    title = {{Skillful Precipitation Nowcasting using Deep Generative Models of Radar}},
    year = {2021},
    author = {Ravuri, Suman and Lenc, Karel and Willson, Matthew and Kangin, Dmitry and Lam, Remi and Mirowski, Piotr and Fitzsimons, Megan and Athanassiadou, Maria and Kashem, Sheleem and Madge, Sam and Prudden, Rachel and Mandhane, Amol and Clark, Aidan and Brock, Andrew and Simonyan, Karen and Hadsell, Raia and Robinson, Niall and Clancy, Ellen and Arribas, Alberto and Mohamed, Shakir},
    month = {4},
    url = {http://arxiv.org/abs/2104.00954},
    arxivId = {2104.00954}
}

@article{Trebing2021SmaAt-UNet:Architecture,
    title = {{SmaAt-UNet: Precipitation nowcasting using a small attention-UNet architecture}},
    year = {2021},
    journal = {Pattern Recognition Letters},
    author = {Trebing, Kevin and Staǹczyk, Tomasz and Mehrkanoon, Siamak},
    month = {5},
    pages = {178--186},
    volume = {145},
    publisher = {Elsevier B.V.},
    doi = {10.1016/j.patrec.2021.01.036},
    issn = {01678655},
    arxivId = {2007.04417},
    keywords = {Coupling regularization, Domain adaptation, Kernel methods, Neural networks}
}

@article{Norris2013SnowbandsOutbreaks,
    title = {{Snowbands over the english channel and irish sea during cold-air outbreaks}},
    year = {2013},
    journal = {Quarterly Journal of the Royal Meteorological Society},
    author = {Norris, Jesse and Vaughan, Geraint and Schultz, David M.},
    number = {676},
    month = {10},
    pages = {1747--1761},
    volume = {139},
    doi = {10.1002/qj.2079},
    issn = {00359009},
    keywords = {Cold-air outbreaks, Convection, Lake effect, Land breeze, Radar, Snowbands, WRF}
}

@article{Karevan2018Spatio-temporalForecasting,
    title = {{Spatio-temporal Stacked LSTM for Temperature Prediction in Weather Forecasting}},
    year = {2018},
    author = {Karevan, Zahra and Suykens, Johan A. K.},
    month = {11},
    url = {https://arxiv.org/abs/1811.06341v1},
    isbn = {1811.06341v1},
    doi = {10.48550/arxiv.1811.06341},
    arxivId = {1811.06341}
}

@techreport{Feng2019Spatio-temporalLSTM,
    title = {{Spatio-temporal Video Re-localization by Warp LSTM}},
    year = {2019},
    author = {Feng, Yang and Ma, Lin and Liu, Wei and Luo, Jiebo},
    pages = {1288--1297},
    url = {https://www.tiktok.com}
}

@inproceedings{Geng2019SpatiotemporalForecasting,
    title = {{Spatiotemporal multi-graph convolution network for ride-hailing demand forecasting}},
    year = {2019},
    booktitle = {33rd AAAI Conference on Artificial Intelligence, AAAI 2019, 31st Innovative Applications of Artificial Intelligence Conference, IAAI 2019 and the 9th AAAI Symposium on Educational Advances in Artificial Intelligence, EAAI 2019},
    author = {Geng, Xu and Li, Yaguang and Wang, Leye and Zhang, Lingyu and Yang, Qiang and Ye, Jieping and Liu, Yan},
    number = {01},
    month = {7},
    pages = {3656--3663},
    volume = {33},
    publisher = {AAAI Press},
    url = {www.aaai.org},
    isbn = {9781577358091},
    doi = {10.1609/aaai.v33i01.33013656},
    issn = {2159-5399}
}

@book{Wilks2011StatisticalSciences,
    title = {{Statistical methods in the atmospheric sciences}},
    year = {2011},
    author = {Wilks, Daniel S},
    edition = {3},
    publisher = {Academic Press},
    address = {San Diego, CA},
    isbn = {9780123850225}
}

@article{Wilks2011Statistics,
    title = {{Statistics}},
    year = {2011},
    journal = {Statistical Methods in the Atmospheric Sciences},
    author = {Wilks, Daniel S.},
    pages = {100},
    volume = {100},
    isbn = {9780123850225}
}

@article{Wursch2015SwissAnalysis,
    title = {{Swiss and Austrian Foehn revisited: A Lagrangian-based analysis}},
    year = {2015},
    journal = {Meteorologische Zeitschrift},
    author = {W{\"{u}}rsch, Michael and Sprenger, Michael},
    number = {3},
    pages = {225--242},
    volume = {24},
    publisher = {Gebruder Borntraeger Verlagsbuchhandlung},
    doi = {10.1127/metz/2015/0647},
    issn = {16101227},
    keywords = {Altdorf, Climatology, Foehn, Innsbruck, Trajectories}
}

@article{Wilson2003TheLearning,
    title = {{The general inefficiency of batch training for gradient descent learning}},
    year = {2003},
    journal = {Neural Networks},
    author = {Wilson, D. Randall and Martinez, Tony R.},
    number = {10},
    month = {12},
    pages = {1429--1451},
    volume = {16},
    publisher = {Pergamon},
    doi = {10.1016/S0893-6080(03)00138-2},
    issn = {0893-6080},
    pmid = {14622875},
    keywords = {Backpropagation, Batch training, Generalization, Gradient descent, Learning rate, On-line training, Optimization, Stochastic approximation}
}

@article{Drozdzal2016TheSegmentation,
    title = {{The Importance of Skip Connections in Biomedical Image Segmentation}},
    year = {2016},
    journal = {Lecture Notes in Computer Science (including subseries Lecture Notes in Artificial Intelligence and Lecture Notes in Bioinformatics)},
    author = {Drozdzal, Michal and Vorontsov, Eugene and Chartrand, Gabriel and Kadoury, Samuel and Pal, Chris},
    month = {10},
    pages = {179--187},
    volume = {10008 LNCS},
    publisher = {Springer, Cham},
    url = {https://link.springer.com/chapter/10.1007/978-3-319-46976-8_19},
    isbn = {9783319469751},
    doi = {10.1007/978-3-319-46976-8{\_}19},
    issn = {16113349},
    arxivId = {1608.04117},
    keywords = {FCN, ResNet, Semantic segmentation, Skip connections}
}

@article{Drozdzal2016TheSegmentationb,
    title = {{The Importance of Skip Connections in Biomedical Image Segmentation}},
    year = {2016},
    journal = {Lecture Notes in Computer Science (including subseries Lecture Notes in Artificial Intelligence and Lecture Notes in Bioinformatics)},
    author = {Drozdzal, Michal and Vorontsov, Eugene and Chartrand, Gabriel and Kadoury, Samuel and Pal, Chris},
    month = {8},
    pages = {179--187},
    volume = {10008 LNCS},
    publisher = {Springer Verlag},
    url = {https://arxiv.org/abs/1608.04117v2},
    isbn = {9783319469751},
    doi = {10.48550/arxiv.1608.04117},
    issn = {16113349},
    arxivId = {1608.04117},
    keywords = {FCN, ResNet, Semantic segmentation, Skip connections}
}

@article{Lehner2016TheCrater,
    title = {{The METCRAX II Field Experiment: A Study of Downslope Windstorm-Type Flows in Arizona’s Meteor Crater}},
    year = {2016},
    journal = {Bulletin of the American Meteorological Society},
    author = {Lehner, Manuela and Whiteman, C. David and Hoch, Sebastian W. and Crosman, Erik T. and Jeglum, Matthew E. and Cherukuru, Nihanth W. and Calhoun, Ronald and Adler, Bianca and Kalthoff, Norbert and Rotunno, Richard and Horst, Thomas W. and Semmer, Steven and Brown, William O. J. and Oncley, Steven P. and Vogt, Roland and Grudzielanek, A. Martina and Cermak, Jan and Fonteyne, Nils J. and Bernhofer, Christian and Pitacco, Andrea and Klein, Petra},
    number = {2},
    month = {2},
    pages = {217--235},
    volume = {97},
    publisher = {American Meteorological Society},
    url = {http://journals.ametsoc.org/doi/10.1175/BAMS-D-14-00238.1},
    doi = {10.1175/BAMS-D-14-00238.1},
    issn = {0003-0007}
}

@article{Rosenblatt1958TheBrain,
    title = {{The perceptron: A probabilistic model for information storage and organization in the brain}},
    year = {1958},
    journal = {Psychological Review},
    author = {Rosenblatt, F.},
    number = {6},
    month = {11},
    pages = {386--408},
    volume = {65},
    url = {/record/1959-09865-001},
    doi = {10.1037/H0042519},
    issn = {0033295X},
    pmid = {13602029},
    keywords = {PERCEPTION, AS INFORMATION STORAGE MODEL INFORMATION, STORAGE, MODEL FOR, IN BRAIN BRAIN, INFORMATION STORAGE IN, MODEL FOR LEARNING {\&} MEMORY}
}

@techreport{Kreil2020The2019,
    title = {{The surprising efficiency of framing geo-spatial time series forecasting as a video prediction task-Insights from the IARAI Traffic4cast Competition at NeurIPS 2019}},
    year = {2020},
    booktitle = {Proceedings of Machine Learning Research},
    author = {Kreil, David P and Kopp, Michael K and Jonietz, David and Neun, Moritz and Gruca, Aleksandra and Herruzo, Pedro and Martin, Henry and Soleymani, Ali},
    month = {8},
    pages = {232--241},
    volume = {123},
    publisher = {PMLR},
    url = {www.here.com},
    issn = {2640-3498}
}

@article{Andersson1990TopographicallyDistribution,
    title = {{Topographically Induced Convective Snowbands over the Baltic Sea and Their Precipitation Distribution}},
    year = {1990},
    journal = {Weather and Forecasting},
    author = {Andersson, Tage and Nilsson, Stefan},
    number = {2},
    month = {6},
    pages = {299--312},
    volume = {5},
    publisher = {American Meteorological Society},
    doi = {10.1175/1520-0434(1990)005<0299:ticsot>2.0.co;2},
    issn = {0882-8156}
}

@book{Lozano2006TowardsAlgorithms,
    title = {{Towards a New Evolutionary Computation Advances in the Estimation of Distribution Algorithms}},
    year = {2006},
    booktitle = {Springer},
    author = {Lozano, JA and Larra{\~{n}}aga, P and Inza, I and Bengoetxea, E},
    publisher = {Springer},
    url = {https://link.springer.com/book/10.1007/3-540-32494-1}
}

@techreport{ZantedeschiTowardsImagery,
    title = {{Towards Data-Driven Physics-Informed Global Precipitation Forecasting from Satellite Imagery}},
    booktitle = {climatechange.ai},
    author = {Zantedeschi, Valentina and De Martini, Daniele and Tong, Catherine and Schroeder De Witt, Christian and Kalaitzis, Alfredo and Bil{\'{i}}, Piotr and Chantry, Matthew and Watson-Parris, Duncan},
    url = {https://www.climatechange.ai/papers/neurips2020/70/paper.pdf}
}

@article{Ronneberger2015U-Net:Segmentation,
    title = {{U-Net: Convolutional Networks for Biomedical Image Segmentation}},
    year = {2015},
    journal = {Lecture Notes in Computer Science (including subseries Lecture Notes in Artificial Intelligence and Lecture Notes in Bioinformatics)},
    author = {Ronneberger, Olaf and Fischer, Philipp and Brox, Thomas},
    month = {5},
    pages = {234--241},
    volume = {9351},
    url = {https://arxiv.org/abs/1505.04597v1},
    isbn = {9783319245737},
    issn = {16113349},
    arxivId = {1505.04597}
}

@inproceedings{Glorot2010UnderstandingNetworks,
    title = {{Understanding the difficulty of training deep feedforward neural networks}},
    year = {2010},
    booktitle = {Proceedings of the Thirteenth International Conference on Artificial Intelligence and Statistics},
    author = {Glorot, Xavier and Bengio, Yoshua},
    editor = {Teh, Yee Whye and Titterington, Mike},
    month = {4},
    pages = {249--256},
    series = {Proceedings of Machine Learning Research},
    volume = {9},
    publisher = {PMLR},
    url = {https://proceedings.mlr.press/v9/glorot10a.html},
    address = {Chia Laguna Resort, Sardinia, Italy}
}

@article{Shin2020Very,
    title = {{Very short-term rainfall prediction based on radar image learning using deep neural network 심층신경망을 이용한 레이더 영상 학습 기반 초단시간 강우예측}},
    year = {2020},
    journal = {J. Korea Water Resour. Assoc},
    author = {ㆍShin, Heeseong and ㆍ신홍준, ㆍ박희성},
    number = {12},
    pages = {1159--1172},
    volume = {53},
    publisher = {Korea Water Resources Association},
    doi = {10.3741/JKWRA.2020.53.12.1159},
    issn = {2287-6138},
    keywords = {Deep convolutional neural network, Deep learning, Image, Radar, Rainfall prediction}
}

@article{Adler2012Warm-AirCrater,
    title = {{Warm-Air Intrusions in Arizona’s Meteor Crater}},
    year = {2012},
    journal = {Journal of Applied Meteorology and Climatology},
    author = {Adler, Bianca and Whiteman, C. David and Hoch, Sebastian W. and Lehner, Manuela and Kalthoff, Norbert},
    number = {6},
    month = {6},
    pages = {1010--1025},
    volume = {51},
    url = {http://journals.ametsoc.org/doi/10.1175/JAMC-D-11-0158.1},
    doi = {10.1175/JAMC-D-11-0158.1},
    issn = {1558-8424},
    keywords = {Boundary currents, Boundary layer, Cold pools, Drainage flow, Dry intrusions, Dynamics}
}

@article{Rasp2020WeatherBench:Forecasting,
    title = {{WeatherBench: A Benchmark Data Set for Data-Driven Weather Forecasting}},
    year = {2020},
    journal = {Journal of Advances in Modeling Earth Systems},
    author = {Rasp, Stephan and Dueben, Peter D. and Scher, Sebastian and Weyn, Jonathan A. and Mouatadid, Soukayna and Thuerey, Nils},
    number = {11},
    month = {11},
    pages = {e2020MS002203},
    volume = {12},
    publisher = {Blackwell Publishing Ltd},
    url = {https://www.},
    doi = {10.1029/2020MS002203},
    issn = {19422466},
    arxivId = {2002.00469},
    keywords = {NWP, artificial intelligence, benchmark, machine learning}
}

@misc{DeutscherWetterdienst2022WebsiteDWD,
    title = {{Website of the Deutscher Wetterdienst (DWD)}},
    year = {2022},
    author = {{Deutscher Wetterdienst}},
    url = {https://www.dwd.de/}
}

@article{Jarrett2009WhatRecognition,
    title = {{What is the best multi-stage architecture for object recognition?}},
    year = {2009},
    journal = {Proceedings of the IEEE International Conference on Computer Vision},
    author = {Jarrett, Kevin and Kavukcuoglu, Koray and Ranzato, Marc'Aurelio and LeCun, Yann},
    pages = {2146--2153},
    isbn = {9781424444205},
    doi = {10.1109/ICCV.2009.5459469}
}

@inproceedings{Trebing2020WindNetworks,
    title = {{Wind speed prediction using multidimensional convolutional neural networks}},
    year = {2020},
    booktitle = {2020 IEEE Symposium Series on Computational Intelligence, SSCI 2020},
    author = {Trebing, Kevin and Mehrkanoon, Siamak},
    month = {12},
    pages = {713--720},
    publisher = {Institute of Electrical and Electronics Engineers Inc.},
    isbn = {9781728125473},
    doi = {10.1109/SSCI47803.2020.9308323},
    arxivId = {2007.12567},
    keywords = {Convolutional neural networks, Deep learning, Feature learning, Short-term forecasting, Wind speed prediction}
}

@article{Muhlbauer2022Wradlib/wradlib:V1.15.0,
    title = {{wradlib/wradlib: wradlib-release v1.15.0}},
    year = {2022},
    author = {M{\"{u}}hlbauer, Kai and {heisterm} and {thpfaff} and Heistermann, Maik and Goudenhoofdt, Edouard and Chwala, Christian and Velthuizen, Franklin van and Helmus, Jonathan J. and Sinclair, Scott and {miub-radar} and {wradlib-docs-bot} and L{\'{o}}pez, Elmer and {PPazderski} and Badger, The Gitter and {Valentin} and Sherman, Zach and {ckaradavut} and {nschaffner} and {sme} and {tsmsalper} and {winash12}},
    month = {4},
    url = {https://zenodo.org/record/6449103},
    doi = {10.5281/ZENODO.6449103}
}

@article{Hoyer2022Xarray,
    title = {{xarray}},
    year = {2022},
    author = {Hoyer, Stephan and Roos, Maximilian and Joseph, Hamman and Magin, Justus and Cherian, Deepak and Fitzgerald, Clark and Hauser, Mathias and Fujii, Keisuke and Maussion, Fabien and Imperiale, Guido and Clark, Spencer and Kleeman, Alex and Nicholas, Thomas and Kluyver, Thomas and Westling, Jimmy and Munroe, James and Amici, Alessandro and Barghini, Aureliana and Banihirwe, Anderson and Bell, Ray and Hatfield-Dodds, Zac and Abernathey, Ryan and Bovy, Benoît and Omotani, John and M{\"{u}}hlbauer, Kai and Roszko, Maximilian K. and Wolfram, Phillip J.},
    month = {3},
    url = {https://zenodo.org/record/6323468},
    doi = {10.5281/ZENODO.6323468}
}

@article{Miles2020Zarr-developers/zarr-python:V2.4.0,
    title = {{zarr-developers/zarr-python: v2.4.0}},
    year = {2020},
    author = {Miles, Alistair and Kirkham, John and Durant, Martin and Bourbeau, James and Onalan, Tarik and Hamman, Joe and Patel, Zain and {shikharsg} and Rocklin, Matthew and dussin, raphael and Schut, Vincent and Andrade, Elliott Sales de and Abernathey, Ryan and Noyes, Charles and {sbalmer} and bot, pyup.io and Tran, Tommy and Saalfeld, Stephan and Swaney, Justin and Moore, Josh and Jevnik, Joe and Kelleher, Jerome and Funke, Jan and Sakkis, George and Barnes, Chris and Banihirwe, Anderson},
    month = {1},
    url = {https://zenodo.org/record/3773450},
    doi = {10.5281/ZENODO.3773450}
}